@article{shor1987class,
  title={Class of global minimum bounds of polynomial functions},
  author={Shor, Naum Z},
  journal={Cybernetics},
  volume={23},
  number={6},
  pages={731--734},
  year={1987},
  publisher={Springer}
}

@phdthesis{parrilo2000structured,
  title={Structured semidefinite programs and semialgebraic geometry methods in robustness and optimization},
  author={Parrilo, Pablo A},
  year={2000},
  school={California Institute of Technology}
}


@article{lasserre2001global,
  title={Global optimization with polynomials and the problem of moments},
  author={Lasserre, Jean B},
  journal={SIAM Journal on Optimization},
  volume={11},
  number={3},
  pages={796--817},
  year={2001},
  publisher={SIAM}
}


@article{lasserre2000optimisation,
  title={Optimisation globale et th{\'e}orie des moments},
  author={Lasserre, Jean Bernard},
  journal={Comptes Rendus de l'Acad{\'e}mie des Sciences-Series I-Mathematics},
  volume={331},
  number={11},
  pages={929--934},
  year={2000},
  publisher={Elsevier}
}


@article{grigoriev2001complexity,
  title={Complexity of Null-and Positivstellensatz proofs},
  author={Grigoriev, Dima and Vorobjov, Nicolai},
  journal={Annals of Pure and Applied Logic},
  volume={113},
  number={1-3},
  pages={153--160},
  year={2001},
  publisher={Elsevier}
}


@incollection{nesterov2000squared,
  title={Squared functional systems and optimization problems},
  author={Nesterov, Yurii},
  booktitle={High performance optimization},
  pages={405--440},
  year={2000},
  publisher={Springer}
}

@article{barak2014sum,
  title={Sum-of-squares proofs and the quest toward optimal algorithms},
  author={Barak, Boaz and Steurer, David},
   journal={In Proceedings of the 2014 International Congress of Mathematicians. International
Mathematical Union},
  year={2014}
}

@article{odonnell17,
  title={SOS is not obviously automatizable, even approximately},
  author={O'Donnell, Ryan},
  journal={Innovations in Theoretical Computer Science (ITCS)},
   year={2017}
}


@incollection{laurent2009sums,
  title={Sums of squares, moment matrices and optimization over polynomials},
  author={Laurent, Monique},
  booktitle={Emerging applications of algebraic geometry},
  pages={157--270},
  year={2009},
  publisher={Springer}
}

@inproceedings{BBHKSZ12,
 author = {Barak, Boaz and Brandao, Fernando G.S.L. and Harrow, Aram W. and Kelner, Jonathan and Steurer, David and Zhou, Yuan},
 title = {Hypercontractivity, Sum-of-squares Proofs, and Their Applications},
 booktitle = {Proceedings of the Forty-fourth Annual ACM Symposium on Theory of Computing},
 series = {STOC '12},
 year = {2012},
 isbn = {978-1-4503-1245-5},
 location = {New York, New York, USA},
 pages = {307--326},
 numpages = {20},
 url = {http://doi.acm.org/10.1145/2213977.2214006},
 doi = {10.1145/2213977.2214006},
 acmid = {2214006},
 publisher = {ACM},
 address = {New York, NY, USA},
 keywords = {hypercontractive, injective tensor norm, semidefinite programming, unique games conjecture},
}

@inproceedings{barak2011rounding,
	Author = {Barak, B. and Raghavendra, P. and Steurer, D.},
	Booktitle = {Proc.\ FOCS},
	Organization = {IEEE},
	Pages = {472--481},
	Title = {Rounding semidefinite programming hierarchies via global correlation},
	Year = {2011}
}

@inproceedings{GuruswamiS11,
  author    = {Venkatesan Guruswami and
               Ali Kemal Sinop},
  title     = {Lasserre Hierarchy, Higher Eigenvalues, and Approximation Schemes
               for Graph Partitioning and Quadratic Integer Programming with {PSD}
               Objectives},
  booktitle = {{IEEE} 52nd Annual Symposium on Foundations of Computer Science, {FOCS}
               2011, Palm Springs, CA, USA, October 22-25, 2011},
  pages     = {482--491},
  year      = {2011},
  url       = {http://dx.doi.org/10.1109/FOCS.2011.36},
  doi       = {10.1109/FOCS.2011.36},
  timestamp = {Tue, 16 Dec 2014 09:57:20 +0100},
  biburl    = {http://dblp.uni-trier.de/rec/bib/conf/focs/GuruswamiS11},
  bibsource = {dblp computer science bibliography, http://dblp.org}
}

@book{Grobner,
  TITLE = {An Introduction to Gr\"obner Bases},
  SUBTITLE = {The Science of Microfabrication},
  AUTHOR = {Adams, William and Loustaunau, Philippe},
  YEAR = {1994}, 
  PUBLISHER = {American Mathematical Society},
}

@inproceedings{Braun:2016:MPN:2884435.2884510,
 author = {Braun, G\'{a}bor and Brown-Cohen, Jonah and Huq, Arefin and Pokutta, Sebastian and Raghavendra, Prasad and Roy, Aurko and Weitz, Benjamin and Zink, Daniel},
 title = {The Matching Problem Has No Small Symmetric SDP},
 booktitle = {Proceedings of the Twenty-seventh Annual ACM-SIAM Symposium on Discrete Algorithms},
 series = {SODA '16},
 year = {2016},
 isbn = {978-1-611974-33-1},
 location = {Arlington, Virginia},
 pages = {1067--1078},
 numpages = {12},
 url = {http://dl.acm.org/citation.cfm?id=2884435.2884510},
 acmid = {2884510},
 publisher = {Society for Industrial and Applied Mathematics},
 address = {Philadelphia, PA, USA},
} 

@article{10.2307/2695802,
 ISSN = {00029890, 19300972},
 URL = {http://www.jstor.org/stable/2695802},
 author = {Gerald B. Folland},
 journal = {The American Mathematical Monthly},
 number = {5},
 pages = {446-448},
 publisher = {Mathematical Association of America},
 title = {How to Integrate a Polynomial over a Sphere},
 volume = {108},
 year = {2001}
}

@inproceedings{LPdWY16,
 author = {Lee, Troy and Prakash, Anupam and de Wolf, Ronald and Yuen, Henry},
 title = {On the Sum-of-squares Degree of Symmetric Quadratic Functions},
 booktitle = {Proceedings of the 31st Conference on Computational Complexity},
 series = {CCC '16},
 year = {2016},
 isbn = {978-3-95977-008-8},
 location = {Tokyo, Japan},
 pages = {17:1--17:31},
 articleno = {17},
 numpages = {31},
 url = {http://dl.acm.org/citation.cfm?id=2982445.2982462},
 acmid = {2982462},
 publisher = {Schloss Dagstuhl--Leibniz-Zentrum fuer Informatik},
 address = {Germany},
 keywords = {approximation theory, extension complexity, positivstellensatz refutations of knapsack, quantum query complexity in expectation, sum-of-squares degree},
} 

@inproceedings{FM16,
 author = {Filmus, Yuval and Mossel, Elchanan},
 title = {Harmonicity and Invariance on Slices of the Boolean Cube},
 booktitle = {Proceedings of the 31st Conference on Computational Complexity},
 series = {CCC '16},
 year = {2016},
 isbn = {978-3-95977-008-8},
 location = {Tokyo, Japan},
 pages = {16:1--16:13},
 articleno = {16},
 numpages = {13},
 url = {http://dl.acm.org/citation.cfm?id=2982445.2982461},
 acmid = {2982461},
 publisher = {Schloss Dagstuhl--Leibniz-Zentrum fuer Informatik},
 address = {Germany},
 keywords = {Johnson association scheme, analysis of boolean functions, invariance principle, the slice},
} 

@Article{Grigoriev2001,
	author="Grigoriev, D.",
	title="Complexity of Positivstellensatz proofs for the knapsack",
	journal="computational complexity",
	year="2001",
	volume="10",
	number="2",
	pages="139--154",
	abstract="A lower bound is established on degrees of Positivstellensatz calculus refutations (over a real field) introduced in (Grigoriev {\&} Vorobjov 2001; Grigoriev 2001) for the knapsack problem. The bound depends on the values of coefficients of an instance of the knapsack problem: for certain values the lower bound is linear and for certain values the upper bound is constant, while in the polynomial calculus the degree is always linear (regardless of the values of coefficients) (Impagliazzo et al. 1999). This shows that the Positivstellensatz calculus can be strictly stronger than the polynomial calculus from the point of view of the complexity of the proofs.",
	issn="1420-8954",
	doi="10.1007/s00037-001-8192-0",
	url="http://dx.doi.org/10.1007/s00037-001-8192-0"
}