
@inproceedings{Hastad96,
author    = {Johan H{\aa}stad},
title     = {Clique is Hard to Approximate Within n\({}^{\mbox{1-epsilon}}\)},
booktitle = {37th Annual Symposium on Foundations of Computer Science, {FOCS} '96, Burlington, Vermont, USA, 14-16 October, 1996},
pages     = {627--636},
year      = {1996},
doi       = {10.1109/SFCS.1996.548522},
}

@inproceedings{Khot01,
author    = {Subhash Khot},
title     = {Improved Inaproximability Results for MaxClique, Chromatic Number and Approximate Graph Coloring},
booktitle = {42nd Annual Symposium on Foundations of Computer Science, {FOCS} 2001, 14-17 October 2001, Las Vegas, Nevada, {USA}},
pages     = {600--609},
year      = {2001},
url       = {http://dx.doi.org/10.1109/SFCS.2001.959936},
}

@misc{Barak14,
    author = {Boaz Barak},
    title = {Sum of Squares: upper bounds, lower bounds, and open questions (Lecture notes, Fall 2014)},
    url = { http://www.boazbarak.org/sos/ },
    year = {2014},
}
@inproceedings{BarakBHKSZ12,
author    = {Boaz Barak and Fernando G. S. L. Brand{\~{a}}o and Aram Wettroth Harrow and Jonathan A. Kelner and David Steurer and Yuan Zhou},
title     = {Hypercontractivity, sum-of-squares proofs, and their applications},
booktitle = {Proceedings of the 44th Symposium on Theory of Computing Conference,
{STOC} 2012, New York, NY, USA, May 19 - 22, 2012},
pages     = {307--326},
year      = {2012},
url       = {http://doi.acm.org/10.1145/2213977.2214006},
doi       = {10.1145/2213977.2214006},
}

@ARTICLE{FeigeK03,
    author = {Uriel Feige and Robert Krauthgamer},
    title = {The probable value of the Lovasz-Schrijver relaxations for maximum independent set},
    journal = {SIAM Journal on Computing},
    year = {2003},
    volume = {32},
    pages = {2003}
}
@article{HarrowM13,
author    = {Aram Wettroth Harrow and Ashley Montanaro},
title     = {Testing Product States, Quantum Merlin-Arthur Games and Tensor Optimization},
journal   = {J. {ACM}},
volume    = {60},
number    = {1},
pages     = {3},
year      = {2013},
doi       = {10.1145/2432622.2432625},
}
@techreport{Matula76,
author = {David Matula},
title = {The Largest Clique Size in a Random Graph},
year = {1976},
institution = {Southern Methodist University, Dallas},
}
@article{BollobasE76,
    author = {Bella Bollobas and Paul Erd\"{o}s},
    title = {Cliques in random graphs},
    journal = {Mathematical Proceedings of the Cambridge Philosophical Society},
    volume = {80},
    issue = {03},
    month = {11},
    year = {1976},
    issn = {1469-8064},
    pages = {419--427},
    numpages = {9},
}
@article{HopkinsKP15,
    author    = {Samuel B. Hopkins and Pravesh Kothari and Aaron Potechin},
    title     = {\uppercase{S}o\uppercase{s} and Planted Clique: Tight Analysis of \uppercase{MPW} Moments at all Degrees and an Optimal Lower Bound at Degree Four},
    year      = {2015},
}

@inproceedings{RaghavendraS09,
  author    = {Prasad Raghavendra and
               David Steurer},
  title     = {Integrality Gaps for Strong {SDP} Relaxations of {UNIQUE} {GAMES}},
  booktitle = {50th Annual {IEEE} Symposium on Foundations of Computer Science, {FOCS}
               2009, October 25-27, 2009, Atlanta, Georgia, {USA}},
  pages     = {575--585},
  year      = {2009},
  crossref  = {DBLP:conf/focs/2009},
  url       = {http://dx.doi.org/10.1109/FOCS.2009.73},
  doi       = {10.1109/FOCS.2009.73},
  timestamp = {Tue, 16 Dec 2014 09:57:25 +0100},
  biburl    = {http://dblp.uni-trier.de/rec/bib/conf/focs/RaghavendraS09},
  bibsource = {dblp computer science bibliography, http://dblp.org}
}

@inproceedings{BarakBHKSZ12,
  author    = {Boaz Barak and
               Fernando G. S. L. Brand{\~{a}}o and
               Aram Wettroth Harrow and
               Jonathan A. Kelner and
               David Steurer and
               Yuan Zhou},
  title     = {Hypercontractivity, sum-of-squares proofs, and their applications},
  booktitle = {Proceedings of the 44th Symposium on Theory of Computing Conference,
               {STOC} 2012, New York, NY, USA, May 19 - 22, 2012},
  pages     = {307--326},
  year      = {2012},
  crossref  = {DBLP:conf/stoc/2012},
  url       = {http://doi.acm.org/10.1145/2213977.2214006},
  doi       = {10.1145/2213977.2214006},
  timestamp = {Tue, 22 May 2012 21:50:15 +0200},
  biburl    = {http://dblp.uni-trier.de/rec/bib/conf/stoc/BarakBHKSZ12},
  bibsource = {dblp computer science bibliography, http://dblp.org}
}


@inproceedings{KhotS09,
  author    = {Subhash Khot and
               Rishi Saket},
  title     = {{SDP} Integrality Gaps with Local ell{\_}1-Embeddability},
  booktitle = {50th Annual {IEEE} Symposium on Foundations of Computer Science, {FOCS}
               2009, October 25-27, 2009, Atlanta, Georgia, {USA}},
  pages     = {565--574},
  year      = {2009},
  crossref  = {DBLP:conf/focs/2009},
  url       = {http://dx.doi.org/10.1109/FOCS.2009.37},
  doi       = {10.1109/FOCS.2009.37},
  timestamp = {Tue, 16 Dec 2014 09:57:25 +0100},
  biburl    = {http://dblp.uni-trier.de/rec/bib/conf/focs/KhotS09},
  bibsource = {dblp computer science bibliography, http://dblp.org}
}


@article{DeshpandeM15,
    author    = {Yash Deshpande and Andrea Montanari},
    title     = {Improved Sum-of-Squares Lower Bounds for Hidden Clique and Hidden Submatrix Problems},
    journal   = {CoRR},
    volume    = {abs/1502.06590},
    year      = {2015},
    url       = {http://arxiv.org/abs/1502.06590},
}

@inproceedings{MekaPW15,
    author    = {Raghu Meka and Aaron Potechin and Avi Wigderson},
    title     = {Sum-of-squares Lower Bounds for Planted Clique},
    booktitle = {Proceedings of the Forty-Seventh Annual {ACM} on Symposium on Theory of Computing, {STOC} 2015, Portland, OR, USA, June 14-17, 2015},
    pages     = {87--96},
    year      = {2015},
    url       = {http://doi.acm.org/10.1145/2746539.2746600},
    doi       = {10.1145/2746539.2746600},
}

@article{FeigeK00,
    author    = {Uriel Feige and Robert Krauthgamer},
    title     = {Finding and certifying a large hidden clique in a semirandom graph},
    journal   = {Random Struct. Algorithms},
    volume    = {16},
    number    = {2},
    pages     = {195--208},
    year      = {2000},
}

@article{FeldmanGRVX12,
    author    = {Vitaly Feldman and Elena Grigorescu and Lev Reyzin and Santosh Vempala and Ying Xiao},
    title     = {Statistical Algorithms and a Lower Bound for Planted Clique},
    journal   = {Electronic Colloquium on Computational Complexity {(ECCC)}},
    volume    = {19},
    pages     = {64},
    year      = {2012},
    url       = {http://eccc.hpi-web.de/report/2012/064},
}
@article{Jerrum92,
    author = {Mark Jerrum},
    journal = {Random Struct. Algorithms},
    number = 4,
    pages = {347-360},
    title = {Large Cliques Elude the Metropolis Process.},
    volume = 3,
    year = 1992
}

@article{AlonKS98,
    author    = {Noga Alon and Michael Krivelevich and Benny Sudakov},
    title     = {Finding a large hidden clique in a random graph},
    journal   = {Random Struct. Algorithms},
    volume    = {13},
    number    = {3-4},
    pages     = {457--466},
    year      = {1998},
}

@inproceedings{BrubakerV09,
author    = {S. Charles Brubaker and Santosh Vempala},
title     = {Random Tensors and Planted Cliques},
booktitle = {Approximation, Randomization, and Combinatorial Optimization. Algorithms and Techniques, 12th International Workshop, {APPROX} 2009, and 13th International Workshop, {RANDOM} 2009, Berkeley, CA, USA, August 21-23, 2009. Proceedings},
pages     = {406--419},
year      = {2009},
crossref  = {DBLP:conf/approx/2009},
url       = {http://dx.doi.org/10.1007/978-3-642-03685-9_31},
doi       = {10.1007/978-3-642-03685-9_31},
timestamp = {Sat, 29 Aug 2009 20:23:56 +0200},
biburl    = {http://dblp.uni-trier.de/rec/bib/conf/approx/BrubakerV09},
bibsource = {dblp computer science bibliography, http://dblp.org}
}

@proceedings{DBLP:conf/approx/2009,
editor    = {Irit Dinur and Klaus Jansen and Joseph Naor and Jos{\'{e}} D. P. Rolim},
title     = {Approximation, Randomization, and Combinatorial Optimization. Algorithms and Techniques, 12th International Workshop, {APPROX} 2009, and 13th International Workshop, {RANDOM} 2009, Berkeley, CA, USA, August 21-23, 2009. Proceedings},
series    = {Lecture Notes in Computer Science},
volume    = {5687},
publisher = {Springer},
year      = {2009},
url       = {http://dx.doi.org/10.1007/978-3-642-03685-9},
doi       = {10.1007/978-3-642-03685-9},
isbn      = {978-3-642-03684-2},
timestamp = {Sat, 29 Aug 2009 20:23:41 +0200},
biburl    = {http://dblp.uni-trier.de/rec/bib/conf/approx/2009},
bibsource = {dblp computer science bibliography, http://dblp.org}
}

@inproceedings{FriezeK08,
author    = {Alan M. Frieze and Ravi Kannan},
title     = {A new approach to the planted clique problem},
booktitle = {{IARCS} Annual Conference on Foundations of Software Technology and Theoretical Computer Science, {FSTTCS} 2008, December 9-11, 2008, Bangalore, India},
pages     = {187--198},
year      = {2008},
url       = {http://dx.doi.org/10.4230/LIPIcs.FSTTCS.2008.1752},
}

@article{GrimmetM75,
    author = {Geoffrey R. Grimmett and Colin J. H. McDiarmid},
    title = {On colouring random graphs},
    journal = {Mathematical Proceedings of the Cambridge Philosophical Society},
    volume = {77},
    issue = {02},
    month = {3},
    year = {1975},
    issn = {1469-8064},
    pages = {313--324},
    numpages = {12},
    doi = {10.1017/S0305004100051124},
    URL = {http://journals.cambridge.org/article_S0305004100051124},
}


@article{Karp76,
author = {Richard Karp},
title = {The probabilistic analysis of some combinatorial search algorithms},
journal= {Algorithms and Complexity: New Directions and Recent Results},
pages = {1-19},
year = {1976},
}
