@article{shor1987class,
  title={Class of global minimum bounds of polynomial functions},
  author={Shor, Naum Z},
  journal={Cybernetics},
  volume={23},
  number={6},
  pages={731--734},
  year={1987},
  publisher={Springer}
}

@phdthesis{parrilo2000structured,
  title={Structured semidefinite programs and semialgebraic geometry methods in robustness and optimization},
  author={Parrilo, Pablo A},
  year={2000},
  school={California Institute of Technology}
}


@article{lasserre2001global,
  title={Global optimization with polynomials and the problem of moments},
  author={Lasserre, Jean B},
  journal={SIAM Journal on Optimization},
  volume={11},
  number={3},
  pages={796--817},
  year={2001},
  publisher={SIAM}
}


@article{lasserre2000optimisation,
  title={Optimisation globale et th{\'e}orie des moments},
  author={Lasserre, Jean Bernard},
  journal={Comptes Rendus de l'Acad{\'e}mie des Sciences-Series I-Mathematics},
  volume={331},
  number={11},
  pages={929--934},
  year={2000},
  publisher={Elsevier}
}


@article{grigoriev2001complexity,
  title={Complexity of Null-and Positivstellensatz proofs},
  author={Grigoriev, Dima and Vorobjov, Nicolai},
  journal={Annals of Pure and Applied Logic},
  volume={113},
  number={1-3},
  pages={153--160},
  year={2001},
  publisher={Elsevier}
}


@incollection{nesterov2000squared,
  title={Squared functional systems and optimization problems},
  author={Nesterov, Yurii},
  booktitle={High performance optimization},
  pages={405--440},
  year={2000},
  publisher={Springer}
}

@article{barak2014sum,
  title={Sum-of-squares proofs and the quest toward optimal algorithms},
  author={Barak, Boaz and Steurer, David},
   journal={In Proceedings of the 2014 International Congress of Mathematicians. International
Mathematical Union},
  year={2014}
}

@article{odonnell17,
  title={SOS is not obviously automatizable, even approximately},
  author={Oâ€™Donnell, Ryan},
  journal={Innovations in Theoretical Computer Science (ITCS)},
   year={2017}
}

@article{barak2014sum,
  title={Sum-of-squares proofs and the quest toward optimal algorithms},
  author={Barak, Boaz and Steurer, David},
  journal={arXiv preprint arXiv:1404.5236},
  year={2014}
}


@incollection{laurent2009sums,
  title={Sums of squares, moment matrices and optimization over polynomials},
  author={Laurent, Monique},
  booktitle={Emerging applications of algebraic geometry},
  pages={157--270},
  year={2009},
  publisher={Springer}
}




% {{ tensor PCA }}
@article{MW13,
  author    = {Raghu Meka and
               Avi Wigderson},
  title     = {Association schemes, non-commutative polynomial concentration, and
               sum-of-squares lower bounds for planted clique},
  journal   = {Electronic Colloquium on Computational Complexity {(ECCC)}},
  volume    = {20},
  pages     = {105},
  year      = {2013},
  url       = {http://eccc.hpi-web.de/report/2013/105},
  timestamp = {Wed, 28 Aug 2013 17:33:35 +0200},
  biburl    = {http://dblp.uni-trier.de/rec/bib/journals/eccc/MekaW13},
  bibsource = {dblp computer science bibliography, http://dblp.org}
}

@inproceedings{MPW15,
  author    = {Raghu Meka and
               Aaron Potechin and
               Avi Wigderson},
  title     = {Sum-of-squares Lower Bounds for Planted Clique},
  booktitle = {Proceedings of the Forty-Seventh Annual {ACM} on Symposium on Theory
               of Computing, {STOC} 2015, Portland, OR, USA, June 14-17, 2015},
  pages     = {87--96},
  year      = {2015},
  crossref  = {DBLP:conf/stoc/2015},
  url       = {http://doi.acm.org/10.1145/2746539.2746600},
  doi       = {10.1145/2746539.2746600},
  timestamp = {Wed, 10 Jun 2015 17:20:57 +0200},
  biburl    = {http://dblp.uni-trier.de/rec/bib/conf/stoc/MekaPW15},
  bibsource = {dblp computer science bibliography, http://dblp.org}
}

@proceedings{DBLP:conf/stoc/2015,
  editor    = {Rocco A. Servedio and
               Ronitt Rubinfeld},
  title     = {Proceedings of the Forty-Seventh Annual {ACM} on Symposium on Theory
               of Computing, {STOC} 2015, Portland, OR, USA, June 14-17, 2015},
  publisher = {{ACM}},
  year      = {2015},
  url       = {http://dl.acm.org/citation.cfm?id=2746539},
  isbn      = {978-1-4503-3536-2},
  timestamp = {Wed, 10 Jun 2015 17:10:14 +0200},
  biburl    = {http://dblp.uni-trier.de/rec/bib/conf/stoc/2015},
  bibsource = {dblp computer science bibliography, http://dblp.org}
}


@inproceedings{HSS15,
    author    = {Samuel B. Hopkins and Jonathan Shi and David Steurer},
    title     = {Tensor principal component analysis via sum-of-square proofs},
    booktitle = {Proceedings of The 28th Conference on Learning Theory, {COLT} 2015, Paris, France, July 3-6, 2015},
    pages     = {956--1006},
    year      = {2015},
    crossref  = {DBLP:conf/colt/2015},
    url       = {http://jmlr.org/proceedings/papers/v40/Hopkins15.html},
    timestamp = {Mon, 06 Jul 2015 08:31:46 +0200},
    biburl    = {http://dblp.uni-trier.de/rec/bib/conf/colt/HopkinsSS15},
    bibsource = {dblp computer science bibliography, http://dblp.org}
}
@proceedings{DBLP:conf/colt/2015,
    editor    = {Peter Gr{\"{u}}nwald and Elad Hazan and Satyen Kale},
    title     = {Proceedings of The 28th Conference on Learning Theory, {COLT} 2015, Paris, France, July 3-6, 2015},
    series    = {{JMLR} Proceedings},
    volume    = {40},
    publisher = {JMLR.org},
    year      = {2015},
    url       = {http://jmlr.org/proceedings/papers/v40/},
    timestamp = {Mon, 06 Jul 2015 08:17:14 +0200},
    biburl    = {http://dblp.uni-trier.de/rec/bib/conf/colt/2015},
    bibsource = {dblp computer science bibliography, http://dblp.org}
}

@inproceedings{RM14,
  author    = {Emile Richard and
               Andrea Montanari},
  title     = {A statistical model for tensor {PCA}},
  booktitle = {Advances in Neural Information Processing Systems 27: Annual Conference
               on Neural Information Processing Systems 2014, December 8-13 2014,
               Montreal, Quebec, Canada},
  pages     = {2897--2905},
  year      = {2014},
  crossref  = {DBLP:conf/nips/2014},
  url       = {http://papers.nips.cc/paper/5616-a-statistical-model-for-tensor-pca},
  timestamp = {Wed, 10 Dec 2014 21:34:12 +0100},
  biburl    = {http://dblp.uni-trier.de/rec/bib/conf/nips/RichardM14},
  bibsource = {dblp computer science bibliography, http://dblp.org}
}

@proceedings{DBLP:conf/nips/2014,
  editor    = {Zoubin Ghahramani and
               Max Welling and
               Corinna Cortes and
               Neil D. Lawrence and
               Kilian Q. Weinberger},
  title     = {Advances in Neural Information Processing Systems 27: Annual Conference
               on Neural Information Processing Systems 2014, December 8-13 2014,
               Montreal, Quebec, Canada},
  year      = {2014},
  url       = {http://papers.nips.cc/book/advances-in-neural-information-processing-systems-27-2014},
  timestamp = {Wed, 10 Dec 2014 21:34:12 +0100},
  biburl    = {http://dblp.uni-trier.de/rec/bib/conf/nips/2014},
  bibsource = {dblp computer science bibliography, http://dblp.org}
}

@article{HSSS15,
    author    = {Samuel B. Hopkins and Tselil Schramm and Jonathan Shi and David Steurer},
    title     = { Fast spectral algorithms from sum-of-squares proofs: tensor decomposition and planted sparse vectors },
    journal   = {CoRR},
    volume    = {abs/1512.02337},
    year      = {2015},
    url       = {http://arxiv.org/abs/1512.02337},
    timestamp = {Sat, 02 Jan 2016 11:38:49 +0100},
    biburl    = {http://dblp.uni-trier.de/rec/bib/journals/corr/HopkinsSSS15},
    bibsource = {dblp computer science bibliography, http://dblp.org}
}

@article{Hastad,
title = "Tensor rank is NP-complete ",
journal = "Journal of Algorithms ",
volume = "11",
number = "4",
pages = "644 - 654",
year = "1990",
note = "",
issn = "0196-6774",
doi = "http://dx.doi.org/10.1016/0196-6774(90)90014-6",
url = "http://www.sciencedirect.com/science/article/pii/0196677490900146",
author = "Johan H\r{a}stad"
}


% {{ matrix concentration }}
@article{tropp15,
      author    = {Joel A. Tropp},
        title     = {An Introduction to Matrix Concentration Inequalities},
	  journal   = {Foundations and Trends in Machine Learning},
	    volume    = {8},
	      number    = {1-2},
	        pages     = {1--230},
		  year      = {2015},
		    url       = {http://dx.doi.org/10.1561/2200000048},
		      doi       = {10.1561/2200000048},
		        timestamp = {Wed, 11 Nov 2015 17:50:18 +0100},
			  biburl    = {http://dblp.uni-trier.de/rec/bib/journals/ftml/Tropp15},
			    bibsource = {dblp computer science bibliography, http://dblp.org}
}
@book{ledoux-talagrand,
    title={Probability in Banach Spaces: Isoperimetry and Processes},
    author={Ledoux, M. and Talagrand, M.},
    isbn={9783540520139},
    lccn={lc91010765},
    series={A Series of Modern Surveys in Mathematics Series},
    url={https://books.google.com/books?id=cyKYDfvxRjsC},
    year={1991},
    publisher={Springer}
}

@incollection{ vershynin,
author = "Roman Vershynin",
editor = "Yonina C. Eldar and Gitta Kutyniok",
title = {Introduction to the non-asymptotic analysis of random matrices},
booktitle = {Compressed Sensing},
publisher = {Cambridge University Press},
year = {2012},
pages = {210--268},
isbn = {9780511794308},
note = {Cambridge Books Online},
url = {http://dx.doi.org/10.1017/CBO9780511794308.006}
}

@article{tomioka2014,
      title={Spectral norm of random tensors},
        author={Tomioka, Ryota and Suzuki, Taiji},
	  journal={arXiv preprint arXiv:1407.1870},
	    year={2014}
}


@Article{FK81,
author="F{\"u}redi, Z.  and Koml{\'o}s, J.",
title="The eigenvalues of random symmetric matrices",
journal="Combinatorica",
volume="1",
number="3",
pages="233--241",
year="1981",
issn="1439-6912",
doi="10.1007/BF02579329",
url="http://dx.doi.org/10.1007/BF02579329"
}

@book{tao,
  title={Topics in Random Matrix Theory},
  author={Tao, Terence},
  isbn={9780821885079},
  series={Graduate studies in mathematics},
  url={https://books.google.com/books?id=Hjq\_JHLNPT0C},
  publisher={American Mathematical Soc.},
}

@Article{NKV02,
author="Alon, Noga
and Krivelevich, Michael
and Vu, Van H.",
title="On the concentration of eigenvalues of random symmetric matrices",
journal="Israel Journal of Mathematics",
volume="131",
year="2002",
number="1",
pages="259--267",
issn="1565-8511",
doi="10.1007/BF02785860",
url="http://dx.doi.org/10.1007/BF02785860"
}


@inproceedings{BKS14b,
     author = {Barak, Boaz and Kelner, Jonathan A. and Steurer, David},
      title = {Rounding Sum-of-squares Relaxations},
       booktitle = {Proceedings of the 46th Annual ACM Symposium on Theory of Computing},
        series = {STOC '14},
	 year = {2014},
	  isbn = {978-1-4503-2710-7},
	   location = {New York, New York},
	    pages = {31--40},
	     numpages = {10},
	      url = {http://doi.acm.org/10.1145/2591796.2591886},
	       doi = {10.1145/2591796.2591886},
	        acmid = {2591886},
		 publisher = {ACM},
		  address = {New York, NY, USA},
}

@inproceedings{AOW15,
  author    = {Sarah R. Allen and
               Ryan O'Donnell and
               David Witmer},
  title     = {How to Refute a Random {CSP}},
  booktitle = {{IEEE} 56th Annual Symposium on Foundations of Computer Science, {FOCS}
               2015, Berkeley, CA, USA, 17-20 October, 2015},
  pages     = {689--708},
  year      = {2015},
  crossref  = {DBLP:conf/focs/2015},
  url       = {http://dx.doi.org/10.1109/FOCS.2015.48},
  doi       = {10.1109/FOCS.2015.48},
  timestamp = {Mon, 04 Jan 2016 13:44:40 +0100},
  biburl    = {http://dblp.uni-trier.de/rec/bib/conf/focs/AllenOW15},
  bibsource = {dblp computer science bibliography, http://dblp.org}
}

@proceedings{DBLP:conf/focs/2015,
  editor    = {Venkatesan Guruswami},
  title     = {{IEEE} 56th Annual Symposium on Foundations of Computer Science, {FOCS}
               2015, Berkeley, CA, USA, 17-20 October, 2015},
  publisher = {{IEEE} Computer Society},
  year      = {2015},
  url       = {http://ieeexplore.ieee.org/xpl/mostRecentIssue.jsp?punumber=7352273},
  isbn      = {978-1-4673-8191-8},
  timestamp = {Mon, 04 Jan 2016 11:39:48 +0100},
  biburl    = {http://dblp.uni-trier.de/rec/bib/conf/focs/2015},
  bibsource = {dblp computer science bibliography, http://dblp.org}
}

@article{BM15,
  author    = {Boaz Barak and
               Ankur Moitra},
  title     = {Tensor Prediction, Rademacher Complexity and Random 3-XOR},
  journal   = {CoRR},
  volume    = {abs/1501.06521},
  year      = {2015},
  url       = {http://arxiv.org/abs/1501.06521},
  timestamp = {Mon, 02 Feb 2015 14:12:25 +0100},
  biburl    = {http://dblp.uni-trier.de/rec/bib/journals/corr/BarakM15},
  bibsource = {dblp computer science bibliography, http://dblp.org}
}


@article{CS88,
 author = {Chv\'{a}tal, Va\v{s}ek and Szemer{\'e}di, Endre},
 title = {Many Hard Examples for Resolution},
 journal = {J. ACM},
 issue_date = {Oct. 1988},
 volume = {35},
 number = {4},
 month = oct,
 year = {1988},
 issn = {0004-5411},
 pages = {759--768},
 numpages = {10},
 url = {http://doi.acm.org/10.1145/48014.48016},
 doi = {10.1145/48014.48016},
 acmid = {48016},
 publisher = {ACM},
 address = {New York, NY, USA},
}


@inproceedings{DLS13,
  author    = {Amit Daniely and
               Nati Linial and
               Shai Shalev{-}Shwartz},
  title     = {More data speeds up training time in learning halfspaces over sparse
               vectors},
  booktitle = {Advances in Neural Information Processing Systems 26: 27th Annual
               Conference on Neural Information Processing Systems 2013. Proceedings
               of a meeting held December 5-8, 2013, Lake Tahoe, Nevada, United States.},
  pages     = {145--153},
  year      = {2013},
  crossref  = {DBLP:conf/nips/2013},
  url       = {http://papers.nips.cc/paper/4905-more-data-speeds-up-training-time-in-learning-halfspaces-over-sparse-vectors},
  timestamp = {Fri, 31 Jan 2014 12:11:40 +0100},
  biburl    = {http://dblp.uni-trier.de/rec/bib/conf/nips/DanielyLS13},
  bibsource = {dblp computer science bibliography, http://dblp.org}
}

@proceedings{DBLP:conf/nips/2013,
  editor    = {Christopher J. C. Burges and
               L{\'{e}}on Bottou and
               Zoubin Ghahramani and
               Kilian Q. Weinberger},
  title     = {Advances in Neural Information Processing Systems 26: 27th Annual
               Conference on Neural Information Processing Systems 2013. Proceedings
               of a meeting held December 5-8, 2013, Lake Tahoe, Nevada, United States},
  year      = {2013},
  url       = {http://papers.nips.cc/book/advances-in-neural-information-processing-systems-26-2013},
  timestamp = {Fri, 31 Jan 2014 12:11:40 +0100},
  biburl    = {http://dblp.uni-trier.de/rec/bib/conf/nips/2013},
  bibsource = {dblp computer science bibliography, http://dblp.org}
}


@article{AAMMW11,
	Author = {Alon, Noga and Arora, Sanjeev and Manokaran, Rajsekar and Moshkovitz, Dana and Weinstein, Omri},
	    Date-Added = {2015-02-04 18:44:35 +0000},
		Date-Modified = {2015-02-04 18:57:19 +0000},
		    Journal = {Unpublished manuscript},
			Owner = {aviad},
			    Timestamp = {2015.04.01},
				Title = {Inapproximability of densest $\kappa$-subgraph from average case hardness},
				    Year = {2011},}


@inproceedings{GuruswamiS11,
  author    = {Venkatesan Guruswami and
               Ali Kemal Sinop},
  title     = {Lasserre Hierarchy, Higher Eigenvalues, and Approximation Schemes
               for Graph Partitioning and Quadratic Integer Programming with {PSD}
               Objectives},
  booktitle = {{IEEE} 52nd Annual Symposium on Foundations of Computer Science, {FOCS}
               2011, Palm Springs, CA, USA, October 22-25, 2011},
  pages     = {482--491},
  year      = {2011},
  crossref  = {DBLP:conf/focs/2011},
  url       = {http://dx.doi.org/10.1109/FOCS.2011.36},
  doi       = {10.1109/FOCS.2011.36},
  timestamp = {Tue, 16 Dec 2014 09:57:20 +0100},
  biburl    = {http://dblp.uni-trier.de/rec/bib/conf/focs/GuruswamiS11},
  bibsource = {dblp computer science bibliography, http://dblp.org}
}


@inproceedings{barak2011rounding,
	Author = {Barak, B. and Raghavendra, P. and Steurer, D.},
	Booktitle = {Proc.\ FOCS},
	Organization = {IEEE},
	Pages = {472--481},
	Title = {Rounding semidefinite programming hierarchies via global correlation},
	Year = {2011}}


@inproceedings{BKS13,
  author    = {Boaz Barak and
               Guy Kindler and
               David Steurer},
  title     = {On the optimality of semidefinite relaxations for average-case and
               generalized constraint satisfaction},
  booktitle = {Innovations in Theoretical Computer Science, {ITCS} '13, Berkeley,
               CA, USA, January 9-12, 2013},
  pages     = {197--214},
  year      = {2013},
  crossref  = {DBLP:conf/innovations/2013},
  url       = {http://doi.acm.org/10.1145/2422436.2422460},
  doi       = {10.1145/2422436.2422460},
  timestamp = {Sun, 17 Feb 2013 11:29:22 +0100},
  biburl    = {http://dblp.uni-trier.de/rec/bib/conf/innovations/BarakKS13},
  bibsource = {dblp computer science bibliography, http://dblp.org}
}

@proceedings{DBLP:conf/innovations/2013,
  editor    = {Robert D. Kleinberg},
  title     = {Innovations in Theoretical Computer Science, {ITCS} '13, Berkeley,
               CA, USA, January 9-12, 2013},
  publisher = {{ACM}},
  year      = {2013},
  url       = {http://dl.acm.org/citation.cfm?id=2422436},
  isbn      = {978-1-4503-1859-4},
  timestamp = {Sun, 17 Feb 2013 11:19:02 +0100},
  biburl    = {http://dblp.uni-trier.de/rec/bib/conf/innovations/2013},
  bibsource = {dblp computer science bibliography, http://dblp.org}
}

@inproceedings{GK01,
  author    = {Andreas Goerdt and
               Michael Krivelevich},
  title     = {Efficient Recognition of Random Unsatisfiable k-SAT Instances by Spectral
               Methods},
  booktitle = {{STACS} 2001, 18th Annual Symposium on Theoretical Aspects of Computer
               Science, Dresden, Germany, February 15-17, 2001, Proceedings},
  pages     = {294--304},
  year      = {2001},
  crossref  = {DBLP:conf/stacs/2001},
  url       = {http://dx.doi.org/10.1007/3-540-44693-1_26},
  doi       = {10.1007/3-540-44693-1_26},
  timestamp = {Wed, 22 Jun 2011 16:05:11 +0200},
  biburl    = {http://dblp.uni-trier.de/rec/bib/conf/stacs/GoerdtK01},
  bibsource = {dblp computer science bibliography, http://dblp.org}
}

@proceedings{DBLP:conf/stacs/2001,
  editor    = {Afonso Ferreira and
               Horst Reichel},
  title     = {{STACS} 2001, 18th Annual Symposium on Theoretical Aspects of Computer
               Science, Dresden, Germany, February 15-17, 2001, Proceedings},
  series    = {Lecture Notes in Computer Science},
  volume    = {2010},
  publisher = {Springer},
  year      = {2001},
  isbn      = {3-540-41695-1},
  timestamp = {Thu, 03 Jan 2002 12:09:51 +0100},
  biburl    = {http://dblp.uni-trier.de/rec/bib/conf/stacs/2001},
  bibsource = {dblp computer science bibliography, http://dblp.org}
}

@inproceedings{FG01,
  author    = {Joel Friedman and
               Andreas Goerdt},
  title     = {Recognizing More Unsatisfiable Random 3-SAT Instances Efficiently},
  booktitle = {Automata, Languages and Programming, 28th International Colloquium,
               {ICALP} 2001, Crete, Greece, July 8-12, 2001, Proceedings},
  pages     = {310--321},
  year      = {2001},
  crossref  = {DBLP:conf/icalp/2001},
  url       = {http://dx.doi.org/10.1007/3-540-48224-5_26},
  doi       = {10.1007/3-540-48224-5_26},
  timestamp = {Tue, 28 Jun 2011 15:08:15 +0200},
  biburl    = {http://dblp.uni-trier.de/rec/bib/conf/icalp/FriedmanG01},
  bibsource = {dblp computer science bibliography, http://dblp.org}
}

@proceedings{DBLP:conf/icalp/2001,
  editor    = {Fernando Orejas and
               Paul G. Spirakis and
               Jan van Leeuwen},
  title     = {Automata, Languages and Programming, 28th International Colloquium,
               {ICALP} 2001, Crete, Greece, July 8-12, 2001, Proceedings},
  series    = {Lecture Notes in Computer Science},
  volume    = {2076},
  publisher = {Springer},
  year      = {2001},
  isbn      = {3-540-42287-0},
  timestamp = {Thu, 03 Jan 2002 12:00:18 +0100},
  biburl    = {http://dblp.uni-trier.de/rec/bib/conf/icalp/2001},
  bibsource = {dblp computer science bibliography, http://dblp.org}
}

@article{FGK05,
  author    = {Joel Friedman and
               Andreas Goerdt and
               Michael Krivelevich},
  title     = {Recognizing More Unsatisfiable Random k-SAT Instances Efficiently},
  journal   = {{SIAM} J. Comput.},
  volume    = {35},
  number    = {2},
  pages     = {408--430},
  year      = {2005},
  url       = {http://dx.doi.org/10.1137/S009753970444096X},
  doi       = {10.1137/S009753970444096X},
  timestamp = {Mon, 12 Sep 2011 16:10:10 +0200},
  biburl    = {http://dblp.uni-trier.de/rec/bib/journals/siamcomp/FriedmanGK05},
  bibsource = {dblp computer science bibliography, http://dblp.org}
}

@inproceedings{Feige02,
  author    = {Uriel Feige},
  title     = {Relations between Average Case Complexity and Approximation Complexity},
  booktitle = {Proceedings of the 17th Annual {IEEE} Conference on Computational
               Complexity, Montr{\'{e}}al, Qu{\'{e}}bec, Canada, May 21-24, 2002},
  pages     = {5},
  year      = {2002},
  crossref  = {DBLP:conf/coco/2002},
  url       = {http://doi.ieeecomputersociety.org/10.1109/CCC.2002.10006},
  doi       = {10.1109/CCC.2002.10006},
  timestamp = {Tue, 22 Jan 2013 14:17:29 +0100},
  biburl    = {http://dblp.uni-trier.de/rec/bib/conf/coco/Feige02},
  bibsource = {dblp computer science bibliography, http://dblp.org}
}

@proceedings{DBLP:conf/coco/2002,
  title     = {Proceedings of the 17th Annual {IEEE} Conference on Computational
               Complexity, Montr{\'{e}}al, Qu{\'{e}}bec, Canada, May 21-24, 2002},
  publisher = {{IEEE} Computer Society},
  year      = {2002},
  isbn      = {0-7695-1468-5},
  timestamp = {Tue, 22 Jan 2013 14:17:29 +0100},
  biburl    = {http://dblp.uni-trier.de/rec/bib/conf/coco/2002},
  bibsource = {dblp computer science bibliography, http://dblp.org}
}

@phdthesis{Fu96,
    title = {On the complexity of proof systems},
    author = {Xudong Fu},
    year = {1998},
    school = {University of Toronto},
}

@inproceedings{BKPS98,
  author    = {Paul Beame and
               Richard M. Karp and
               Toniann Pitassi and
               Michael E. Saks},
  title     = {On the Complexity of Unsatisfiability Proofs for Random \emph{k}-CNF
               Formulas},
  booktitle = {Proceedings of the Thirtieth Annual {ACM} Symposium on the Theory
               of Computing, Dallas, Texas, USA, May 23-26, 1998},
  pages     = {561--571},
  year      = {1998},
  crossref  = {DBLP:conf/stoc/1998},
  url       = {http://doi.acm.org/10.1145/276698.276870},
  doi       = {10.1145/276698.276870},
  timestamp = {Thu, 16 Feb 2012 12:06:54 +0100},
  biburl    = {http://dblp.uni-trier.de/rec/bib/conf/stoc/BeameKPS98},
  bibsource = {dblp computer science bibliography, http://dblp.org}
}

@proceedings{DBLP:conf/stoc/1998,
  editor    = {Jeffrey Scott Vitter},
  title     = {Proceedings of the Thirtieth Annual {ACM} Symposium on the Theory
               of Computing, Dallas, Texas, USA, May 23-26, 1998},
  publisher = {{ACM}},
  year      = {1998},
  isbn      = {0-89791-962-9},
  timestamp = {Mon, 17 Oct 2011 15:55:10 +0200},
  biburl    = {http://dblp.uni-trier.de/rec/bib/conf/stoc/1998},
  bibsource = {dblp computer science bibliography, http://dblp.org}
}

@inproceedings{FKO06,
  author    = {Uriel Feige and Jeong Han Kim and Eran Ofek},
  title     = {Witnesses for non-satisfiability of dense random 3CNF formulas},
  booktitle = {47th Annual {IEEE} Symposium on Foundations of Computer Science {FOCS} 2006), 21-24 October 2006, Berkeley, California, USA, Proceedings},
  pages     = {497--508},
  year      = {2006},
  crossref  = {DBLP:conf/focs/2006},
  url       = {http://dx.doi.org/10.1109/FOCS.2006.78},
  doi       = {10.1109/FOCS.2006.78},
  timestamp = {Tue, 16 Dec 2014 09:57:20 +0100},
  biburl    = {http://dblp.uni-trier.de/rec/bib/conf/focs/FeigeKO06},
  bibsource = {dblp computer science bibliography, http://dblp.org},
}

@proceedings{DBLP:conf/focs/2006,
  title     = {47th Annual {IEEE} Symposium on Foundations of Computer Science {FOCS}
               2006), 21-24 October 2006, Berkeley, California, USA, Proceedings},
  publisher = {{IEEE} Computer Society},
  year      = {2006},
  url       = {http://ieeexplore.ieee.org/xpl/mostRecentIssue.jsp?punumber=4031329},
  isbn      = {0-7695-2720-5},
  timestamp = {Mon, 15 Dec 2014 18:48:44 +0100},
  biburl    = {http://dblp.uni-trier.de/rec/bib/conf/focs/2006},
  bibsource = {dblp computer science bibliography, http://dblp.org}
}

@inproceedings{Sch08,
  author    = {Grant Schoenebeck},
  title     = {Linear Level Lasserre Lower Bounds for Certain k-CSPs},
  booktitle = {49th Annual {IEEE} Symposium on Foundations of Computer Science, {FOCS}
               2008, October 25-28, 2008, Philadelphia, PA, {USA}},
  pages     = {593--602},
  year      = {2008},
  crossref  = {DBLP:conf/focs/2008},
  url       = {http://dx.doi.org/10.1109/FOCS.2008.74},
  doi       = {10.1109/FOCS.2008.74},
  timestamp = {Tue, 16 Dec 2014 09:57:20 +0100},
  biburl    = {http://dblp.uni-trier.de/rec/bib/conf/focs/Schoenebeck08},
  bibsource = {dblp computer science bibliography, http://dblp.org}
}

@proceedings{DBLP:conf/focs/2008,
  title     = {49th Annual {IEEE} Symposium on Foundations of Computer Science, {FOCS}
               2008, October 25-28, 2008, Philadelphia, PA, {USA}},
  publisher = {{IEEE} Computer Society},
  year      = {2008},
  url       = {http://ieeexplore.ieee.org/xpl/mostRecentIssue.jsp?punumber=4690923},
  isbn      = {978-0-7695-3436-7},
  timestamp = {Mon, 15 Dec 2014 18:48:44 +0100},
  biburl    = {http://dblp.uni-trier.de/rec/bib/conf/focs/2008},
  bibsource = {dblp computer science bibliography, http://dblp.org}
}

@article{Gri01,
  author    = {Dima Grigoriev},
  title     = {Linear lower bound on degrees of Positivstellensatz calculus proofs
               for the parity},
  journal   = {Theor. Comput. Sci.},
  volume    = {259},
  number    = {1-2},
  pages     = {613--622},
  year      = {2001},
  url       = {http://dx.doi.org/10.1016/S0304-3975(00)00157-2},
  doi       = {10.1016/S0304-3975(00)00157-2},
  timestamp = {Wed, 19 Nov 2003 16:10:41 +0100},
  biburl    = {http://dblp.uni-trier.de/rec/bib/journals/tcs/Grigoriev01},
  bibsource = {dblp computer science bibliography, http://dblp.org}
}

@article{Las,
 author = {Lasserre, Jean B.},
 title = {Global Optimization with Polynomials and the Problem of Moments},
 journal = {SIAM J. on Optimization},
 issue_date = {2000},
 volume = {11},
 number = {3},
 month = mar,
 year = {2000},
 issn = {1052-6234},
 pages = {796--817},
 numpages = {22},
 url = {http://dx.doi.org/10.1137/S1052623400366802},
 doi = {10.1137/S1052623400366802},
 acmid = {589038},
 publisher = {Society for Industrial and Applied Mathematics},
 address = {Philadelphia, PA, USA},
 keywords = {global optimization, semidefinite programming, theory of moments and positive polynomials},
}

@phdthesis{Par,
  title={Structured semidefinite programs and semialgebraic geometry methods in robustness and optimization},
  author={Parrilo, Pablo A},
  year={2000},
  school={California Institute of Technology}
}
@inproceedings{BBHKSZ12,
 author = {Barak, Boaz and Brandao, Fernando G.S.L. and Harrow, Aram W. and Kelner, Jonathan and Steurer, David and Zhou, Yuan},
 title = {Hypercontractivity, Sum-of-squares Proofs, and Their Applications},
 booktitle = {Proceedings of the Forty-fourth Annual ACM Symposium on Theory of Computing},
 series = {STOC '12},
 year = {2012},
 isbn = {978-1-4503-1245-5},
 location = {New York, New York, USA},
 pages = {307--326},
 numpages = {20},
 url = {http://doi.acm.org/10.1145/2213977.2214006},
 doi = {10.1145/2213977.2214006},
 acmid = {2214006},
 publisher = {ACM},
 address = {New York, NY, USA},
 keywords = {hypercontractive, injective tensor norm, semidefinite programming, unique games conjecture},
}
@inproceedings{BKS15,
  author    = {Boaz Barak and
               Jonathan A. Kelner and
               David Steurer},
  title     = {Dictionary Learning and Tensor Decomposition via the Sum-of-Squares
               Method},
  booktitle = {Proceedings of the Forty-Seventh Annual {ACM} on Symposium on Theory
               of Computing, {STOC} 2015, Portland, OR, USA, June 14-17, 2015},
  pages     = {143--151},
  year      = {2015},
  crossref  = {DBLP:conf/stoc/2015},
  url       = {http://doi.acm.org/10.1145/2746539.2746605},
  doi       = {10.1145/2746539.2746605},
  timestamp = {Wed, 10 Jun 2015 17:20:57 +0200},
  biburl    = {http://dblp.uni-trier.de/rec/bib/conf/stoc/BarakKS15},
  bibsource = {dblp computer science bibliography, http://dblp.org}
}

@proceedings{DBLP:conf/stoc/2015,
  editor    = {Rocco A. Servedio and
               Ronitt Rubinfeld},
  title     = {Proceedings of the Forty-Seventh Annual {ACM} on Symposium on Theory
               of Computing, {STOC} 2015, Portland, OR, USA, June 14-17, 2015},
  publisher = {{ACM}},
  year      = {2015},
  url       = {http://dl.acm.org/citation.cfm?id=2746539},
  isbn      = {978-1-4503-3536-2},
  timestamp = {Wed, 10 Jun 2015 17:10:14 +0200},
  biburl    = {http://dblp.uni-trier.de/rec/bib/conf/stoc/2015},
  bibsource = {dblp computer science bibliography, http://dblp.org}
}

@article{AGJ14,
  author    = {Animashree Anandkumar and
               Rong Ge and
               Majid Janzamin},
  title     = {Guaranteed Non-Orthogonal Tensor Decomposition via Alternating Rank-1
               Updates},
  journal   = {CoRR},
  volume    = {abs/1402.5180},
  year      = {2014},
  url       = {http://arxiv.org/abs/1402.5180},
  timestamp = {Wed, 05 Mar 2014 14:43:44 +0100},
  biburl    = {http://dblp.uni-trier.de/rec/bib/journals/corr/AnandkumarGJ14},
  bibsource = {dblp computer science bibliography, http://dblp.org}
}

@inproceedings{BV09,
  author    = {S. Charles Brubaker and
               Santosh Vempala},
  title     = {Random Tensors and Planted Cliques},
  booktitle = {Approximation, Randomization, and Combinatorial Optimization. Algorithms
               and Techniques, 12th International Workshop, {APPROX} 2009, and 13th
               International Workshop, {RANDOM} 2009, Berkeley, CA, USA, August 21-23,
               2009. Proceedings},
  pages     = {406--419},
  year      = {2009},
  crossref  = {DBLP:conf/approx/2009},
  url       = {http://dx.doi.org/10.1007/978-3-642-03685-9_31},
  doi       = {10.1007/978-3-642-03685-9_31},
  timestamp = {Sat, 29 Aug 2009 20:23:56 +0200},
  biburl    = {http://dblp.uni-trier.de/rec/bib/conf/approx/BrubakerV09},
  bibsource = {dblp computer science bibliography, http://dblp.org}
}

@proceedings{DBLP:conf/approx/2009,
  editor    = {Irit Dinur and
               Klaus Jansen and
               Joseph Naor and
               Jos{\'{e}} D. P. Rolim},
  title     = {Approximation, Randomization, and Combinatorial Optimization. Algorithms
               and Techniques, 12th International Workshop, {APPROX} 2009, and 13th
               International Workshop, {RANDOM} 2009, Berkeley, CA, USA, August 21-23,
               2009. Proceedings},
  series    = {Lecture Notes in Computer Science},
  volume    = {5687},
  publisher = {Springer},
  year      = {2009},
  url       = {http://dx.doi.org/10.1007/978-3-642-03685-9},
  doi       = {10.1007/978-3-642-03685-9},
  isbn      = {978-3-642-03684-2},
  timestamp = {Sat, 29 Aug 2009 20:23:41 +0200},
  biburl    = {http://dblp.uni-trier.de/rec/bib/conf/approx/2009},
  bibsource = {dblp computer science bibliography, http://dblp.org}
}
@article{CLP02,
    title = { The $3$-SAT problem with large number of clauses in the $\infty$-replica symmetry breaking scheme },
    journal = {Journal of Physics A: Mathematical and General},
    volume = {35},
	   issue = {3},
	   pages = {481},
    year = {2002},
    author = {Crisanti, Andrea and Leuzzi, Luca and Parisi, Giorgio},
}
@inproceedings{ABW10,
  author    = {Benny Applebaum and
               Boaz Barak and
               Avi Wigderson},
  title     = {Public-key cryptography from different assumptions},
  booktitle = {Proceedings of the 42nd {ACM} Symposium on Theory of Computing, {STOC}
               2010, Cambridge, Massachusetts, USA, 5-8 June 2010},
  pages     = {171--180},
  year      = {2010},
  crossref  = {DBLP:conf/stoc/2010},
  url       = {http://doi.acm.org/10.1145/1806689.1806714},
  doi       = {10.1145/1806689.1806714},
  timestamp = {Fri, 12 Oct 2012 12:16:22 +0200},
  biburl    = {http://dblp.uni-trier.de/rec/bib/conf/stoc/ApplebaumBW10},
  bibsource = {dblp computer science bibliography, http://dblp.org}
}

@proceedings{DBLP:conf/stoc/2010,
  editor    = {Leonard J. Schulman},
  title     = {Proceedings of the 42nd {ACM} Symposium on Theory of Computing, {STOC}
               2010, Cambridge, Massachusetts, USA, 5-8 June 2010},
  publisher = {{ACM}},
  year      = {2010},
  isbn      = {978-1-4503-0050-6},
  timestamp = {Fri, 12 Oct 2012 12:16:22 +0200},
  biburl    = {http://dblp.uni-trier.de/rec/bib/conf/stoc/2010},
  bibsource = {dblp computer science bibliography, http://dblp.org}
}

@incollection{Achli09,
  author    = {Dimitris Achlioptas},
  title     = {Random Satisfiability},
  booktitle = {Handbook of Satisfiability},
  pages     = {245--270},
  year      = {2009},
  crossref  = {DBLP:series/faia/2009-185},
  url       = {http://dx.doi.org/10.3233/978-1-58603-929-5-245},
  doi       = {10.3233/978-1-58603-929-5-245},
  timestamp = {Wed, 16 Sep 2009 11:21:44 +0200},
  biburl    = {http://dblp.uni-trier.de/rec/bib/series/faia/Achlioptas09},
  bibsource = {dblp computer science bibliography, http://dblp.org}
}

@proceedings{DBLP:series/faia/2009-185,
  editor    = {Armin Biere and
               Marijn Heule and
               Hans van Maaren and
               Toby Walsh},
  title     = {Handbook of Satisfiability},
  series    = {Frontiers in Artificial Intelligence and Applications},
  volume    = {185},
  publisher = {{IOS} Press},
  year      = {2009},
  isbn      = {978-1-58603-929-5},
  timestamp = {Wed, 16 Sep 2009 11:21:15 +0200},
  biburl    = {http://dblp.uni-trier.de/rec/bib/series/faia/2009-185},
  bibsource = {dblp computer science bibliography, http://dblp.org}
}

@article{BB02,
  author    = {Eli Ben{-}Sasson and
               Yonatan Bilu},
  title     = {A Gap in Average Proof Complexity},
  journal   = {Electronic Colloquium on Computational Complexity {(ECCC)}},
  number    = {003},
  year      = {2002},
  url       = {http://eccc.hpi-web.de/eccc-reports/2002/TR02-003/index.html},
  timestamp = {Wed, 07 Dec 2011 17:05:30 +0100},
  biburl    = {http://dblp.uni-trier.de/rec/bib/journals/eccc/ECCC-TR02-003},
  bibsource = {dblp computer science bibliography, http://dblp.org}
}
@article{COGL07,
  author    = {Amin Coja{-}Oghlan and
               Andreas Goerdt and
               Andr{\'{e}} Lanka},
  title     = {Strong Refutation Heuristics for Random k-SAT},
  journal   = {Combinatorics, Probability {\&} Computing},
  volume    = {16},
  number    = {1},
  pages     = {5--28},
  year      = {2007},
  url       = {http://dx.doi.org/10.1017/S096354830600784X},
  doi       = {10.1017/S096354830600784X},
  timestamp = {Thu, 20 Nov 2008 13:16:52 +0100},
  biburl    = {http://dblp.uni-trier.de/rec/bib/journals/cpc/Coja-OghlanGL07},
  bibsource = {dblp computer science bibliography, http://dblp.org}
}


@inproceedings{COGL04,
  author    = {Amin Coja{-}Oghlan and
               Andreas Goerdt and
               Andr{\'{e}} Lanka},
  title     = {Strong Refutation Heuristics for Random k-SAT},
  booktitle = {Approximation, Randomization, and Combinatorial Optimization, Algorithms
               and Techniques, 7th International Workshop on Approximation Algorithms
               for Combinatorial Optimization Problems, {APPROX} 2004, and 8th International
               Workshop on Randomization and Computation, {RANDOM} 2004, Cambridge,
               MA, USA, August 22-24, 2004, Proceedings},
  pages     = {310--321},
  year      = {2004},
  crossref  = {DBLP:conf/approx/2004},
  url       = {http://dx.doi.org/10.1007/978-3-540-27821-4_28},
  doi       = {10.1007/978-3-540-27821-4_28},
  timestamp = {Thu, 07 Jul 2011 15:48:52 +0200},
  biburl    = {http://dblp.uni-trier.de/rec/bib/conf/approx/Coja-OghlanGL04},
  bibsource = {dblp computer science bibliography, http://dblp.org}
}

@proceedings{DBLP:conf/approx/2004,
  editor    = {Klaus Jansen and
               Sanjeev Khanna and
               Jos{\'{e}} D. P. Rolim and
               Dana Ron},
  title     = {Approximation, Randomization, and Combinatorial Optimization, Algorithms
               and Techniques, 7th International Workshop on Approximation Algorithms
               for Combinatorial Optimization Problems, {APPROX} 2004, and 8th International
               Workshop on Randomization and Computation, {RANDOM} 2004, Cambridge,
               MA, USA, August 22-24, 2004, Proceedings},
  series    = {Lecture Notes in Computer Science},
  volume    = {3122},
  publisher = {Springer},
  year      = {2004},
  isbn      = {3-540-22894-2},
  timestamp = {Mon, 13 Dec 2004 13:01:17 +0100},
  biburl    = {http://dblp.uni-trier.de/rec/bib/conf/approx/2004},
  bibsource = {dblp computer science bibliography, http://dblp.org}
}

@inproceedings{DSS15,
  author    = {Jian Ding and
               Allan Sly and
               Nike Sun},
  title     = {Proof of the Satisfiability Conjecture for Large k},
  booktitle = {Proceedings of the Forty-Seventh Annual {ACM} on Symposium on Theory
               of Computing, {STOC} 2015, Portland, OR, USA, June 14-17, 2015},
  pages     = {59--68},
  year      = {2015},
  crossref  = {DBLP:conf/stoc/2015},
  url       = {http://doi.acm.org/10.1145/2746539.2746619},
  doi       = {10.1145/2746539.2746619},
  timestamp = {Wed, 10 Jun 2015 17:20:57 +0200},
  biburl    = {http://dblp.uni-trier.de/rec/bib/conf/stoc/DingSS15},
  bibsource = {dblp computer science bibliography, http://dblp.org}
}

@proceedings{DBLP:conf/stoc/2015,
  editor    = {Rocco A. Servedio and
               Ronitt Rubinfeld},
  title     = {Proceedings of the Forty-Seventh Annual {ACM} on Symposium on Theory
               of Computing, {STOC} 2015, Portland, OR, USA, June 14-17, 2015},
  publisher = {{ACM}},
  year      = {2015},
  url       = {http://dl.acm.org/citation.cfm?id=2746539},
  isbn      = {978-1-4503-3536-2},
  timestamp = {Wed, 10 Jun 2015 17:10:14 +0200},
  biburl    = {http://dblp.uni-trier.de/rec/bib/conf/stoc/2015},
  bibsource = {dblp computer science bibliography, http://dblp.org}
}

@inproceedings{DLSS14,
  author    = {Amit Daniely and
               Nati Linial and
               Shai Shalev{-}Shwartz},
  title     = {From average case complexity to improper learning complexity},
  booktitle = {Symposium on Theory of Computing, {STOC} 2014, New York, NY, USA,
               May 31 - June 03, 2014},
  pages     = {441--448},
  year      = {2014},
  crossref  = {DBLP:conf/stoc/2014},
  url       = {http://doi.acm.org/10.1145/2591796.2591820},
  doi       = {10.1145/2591796.2591820},
  timestamp = {Wed, 18 Jun 2014 08:38:28 +0200},
  biburl    = {http://dblp.uni-trier.de/rec/bib/conf/stoc/DanielyLS14},
  bibsource = {dblp computer science bibliography, http://dblp.org}
}

@proceedings{DBLP:conf/stoc/2014,
  editor    = {David B. Shmoys},
  title     = {Symposium on Theory of Computing, {STOC} 2014, New York, NY, USA,
               May 31 - June 03, 2014},
  publisher = {{ACM}},
  year      = {2014},
  url       = {http://dl.acm.org/citation.cfm?id=2591796},
  isbn      = {978-1-4503-2710-7},
  timestamp = {Wed, 18 Jun 2014 08:38:28 +0200},
  biburl    = {http://dblp.uni-trier.de/rec/bib/conf/stoc/2014},
  bibsource = {dblp computer science bibliography, http://dblp.org}
}

@article{D16,
  author    = {Amit Daniely},
  title     = {Complexity Theoretic Limitations on Learning Halfspaces},
  journal   = {CoRR},
  volume    = {abs/1505.05800},
  year      = {2015},
  url       = {http://arxiv.org/abs/1505.05800},
  timestamp = {Mon, 01 Jun 2015 14:13:54 +0200},
  biburl    = {http://dblp.uni-trier.de/rec/bib/journals/corr/Daniely15},
  bibsource = {dblp computer science bibliography, http://dblp.org}
}
@misc{BGL16,
    author = {Bhattiprolu, Vijay and Guruswami, Venkatesan and Lee, Euiwoong },
    title = {Certifying Random Polynomials Over the Unit Sphere via Sum-of-S	uares Hierarchy},
    howpublished = {preprint},
    year = {2016},
}

@inproceedings{GM15,
  author    = {Rong Ge and
               Tengyu Ma},
  title     = {Decomposing Overcomplete 3rd Order Tensors using Sum-of-Squares Algorithms},
  booktitle = {Approximation, Randomization, and Combinatorial Optimization. Algorithms
               and Techniques, {APPROX/RANDOM} 2015, August 24-26, 2015, Princeton,
               NJ, {USA}},
  pages     = {829--849},
  year      = {2015},
  crossref  = {DBLP:conf/approx/2015},
  url       = {http://dx.doi.org/10.4230/LIPIcs.APPROX-RANDOM.2015.829},
  doi       = {10.4230/LIPIcs.APPROX-RANDOM.2015.829},
  timestamp = {Wed, 19 Aug 2015 14:11:56 +0200},
  biburl    = {http://dblp.uni-trier.de/rec/bib/conf/approx/GeM15},
  bibsource = {dblp computer science bibliography, http://dblp.org}
}

@proceedings{DBLP:conf/approx/2015,
  editor    = {Naveen Garg and
               Klaus Jansen and
               Anup Rao and
               Jos{\'{e}} D. P. Rolim},
  title     = {Approximation, Randomization, and Combinatorial Optimization. Algorithms
               and Techniques, {APPROX/RANDOM} 2015, August 24-26, 2015, Princeton,
               NJ, {USA}},
  series    = {LIPIcs},
  volume    = {40},
  publisher = {Schloss Dagstuhl - Leibniz-Zentrum fuer Informatik},
  year      = {2015},
  url       = {http://www.dagstuhl.de/dagpub/978-3-939897-89-7},
  isbn      = {978-3-939897-89-7},
  timestamp = {Wed, 19 Aug 2015 14:11:56 +0200},
  biburl    = {http://dblp.uni-trier.de/rec/bib/conf/approx/2015},
  bibsource = {dblp computer science bibliography, http://dblp.org}
}

@Article{Grigoriev2001,
	author="Grigoriev, D.",
	title="Complexity of Positivstellensatz proofs for the knapsack",
	journal="computational complexity",
	year="2001",
	volume="10",
	number="2",
	pages="139--154",
	abstract="A lower bound is established on degrees of Positivstellensatz calculus refutations (over a real field) introduced in (Grigoriev {\&} Vorobjov 2001; Grigoriev 2001) for the knapsack problem. The bound depends on the values of coefficients of an instance of the knapsack problem: for certain values the lower bound is linear and for certain values the upper bound is constant, while in the polynomial calculus the degree is always linear (regardless of the values of coefficients) (Impagliazzo et al. 1999). This shows that the Positivstellensatz calculus can be strictly stronger than the polynomial calculus from the point of view of the complexity of the proofs.",
	issn="1420-8954",
	doi="10.1007/s00037-001-8192-0",
	url="http://dx.doi.org/10.1007/s00037-001-8192-0"
}

@inproceedings{Braun:2016:MPN:2884435.2884510,
 author = {Braun, G\'{a}bor and Brown-Cohen, Jonah and Huq, Arefin and Pokutta, Sebastian and Raghavendra, Prasad and Roy, Aurko and Weitz, Benjamin and Zink, Daniel},
 title = {The Matching Problem Has No Small Symmetric SDP},
 booktitle = {Proceedings of the Twenty-seventh Annual ACM-SIAM Symposium on Discrete Algorithms},
 series = {SODA '16},
 year = {2016},
 isbn = {978-1-611974-33-1},
 location = {Arlington, Virginia},
 pages = {1067--1078},
 numpages = {12},
 url = {http://dl.acm.org/citation.cfm?id=2884435.2884510},
 acmid = {2884510},
 publisher = {Society for Industrial and Applied Mathematics},
 address = {Philadelphia, PA, USA},
} 

@article{10.2307/2695802,
 ISSN = {00029890, 19300972},
 URL = {http://www.jstor.org/stable/2695802},
 author = {Gerald B. Folland},
 journal = {The American Mathematical Monthly},
 number = {5},
 pages = {446-448},
 publisher = {Mathematical Association of America},
 title = {How to Integrate a Polynomial over a Sphere},
 volume = {108},
 year = {2001}
}

@book{Grobner,
  TITLE = {An Introduction to Gr\"obner Bases},
  SUBTITLE = {The Science of Microfabrication},
  AUTHOR = {Adams, William and Loustaunau, Philippe},
  YEAR = {1994}, 
  PUBLISHER = {American Mathematical Society},
}

